<?xml version="1.0" encoding="UTF-8"?><collection xmlns="http://www.loc.gov/MARC21/slim"><record><leader>00439nam--2200121-i-4500</leader><controlfield tag="001">000016349</controlfield><controlfield tag="002">20161230</controlfield><controlfield tag="005">20161230201031</controlfield><controlfield tag="008">060222s1000------------r-----000-0-eng-d</controlfield><datafield ind1=" " ind2=" " tag="100"><subfield code="a">Fishman,Guy</subfield></datafield><datafield ind1=" " ind2=" " tag="245"><subfield code="a">Pompage optique ands l arseniure de gellium et application du formalisme de l operateur densi te a l analyse  de la polaisation de la lumine scence dans les semiconducteurs.these</subfield></datafield><datafield ind1=" " ind2=" " tag="260"><subfield code="a">Paris,Universite,1974. 119 P</subfield></datafield><datafield ind1=" " ind2=" " tag="852"><subfield code="a">78188</subfield></datafield></record></collection>